@misc{EurovisionVoting,
   author = "Wikipedia",
   title = "Voting at the Eurovision Song Contest --- Wikipedia{,} The Free Encyclopedia",
   year = "2016",
   url = "\url{https://en.wikipedia.org/w/index.php?title=Voting_at_the_Eurovision_Song_Contest&oldid=756839176}",
   note = "[Online; accessed 28-January-2017]"
},
@misc{votingOrderQuote,
   author = "EBU",
   title = "'Good evening Copenhagen' - Voting order revealed",
   year = "10 May 2014",
   url = "\url{http://www.eurovision.tv/page/news?id=good_evening_copenhagen_-_voting_order_revealed}",
   note = "[Online; accessed 11-April-2017]"
},
@article{gatherer2006,
   title = {Comparison of Eurovision Song Contest Simulation with Actual Results Reveals Shifting Patterns of Collusive Voting Alliances.},
   author = {Gatherer, Derek},
   journal = {Journal of Artificial Societies and Social Simulation},
   ISSN = {1460-7425},
   volume = {9},
   number = {2},
   pages = {1},
   year = {2006},
   url = "\url{http://jasss.soc.surrey.ac.uk/9/2/1.html}",
   keywords = {Simulation, Perl, Eurovision Song Contest, Voting Blocs, Collusive Voting},
},
@misc{so66198,
  number = {1794},
  month = {February},
  title = {Geography, culture, and religion: Explaining the bias in Eurovision song contest voting},
  author = {L. {Spierdijk} and M.H. {Vellekoop}},
  address = {Enschede},
  publisher = {Department of Applied Mathematics, University of Twente},
  year = {2006},
  url = "\url{http://doc.utwente.nl/66198/}",
  note = "[Online; accessed 28-January-2017]"
},
@article{Ginsburgh200841,
  title = "The Eurovision Song Contest. Is voting political or cultural?",
  journal = "European Journal of Political Economy ",
  volume = "24",
  number = "1",
  pages = "41 - 52",
  year = "2008",
  note = "",
  issn = "0176-2680",
  doi = "http://doi.org/10.1016/j.ejpoleco.2007.05.004",
  url = "url{http://www.sciencedirect.com/science/article/pii/S0176268007000547}",
  author = "Victor Ginsburgh and Abdul G. Noury",
  keywords = "Voter trading",
  keywords = "Voting behavior",
  keywords = "Popular music",
  keywords = "Contests "
},
@Incollection{Bello2011,
  author="Bello, Gema and Men{\'e}ndez, H{\'e}ctor and Camacho, David",
  editor="Yin, Hujun and Wang, Wenjia and Rayward-Smith, Victor",
  title="Using the Clustering Coefficient to Guide a Genetic-Based Communities Finding Algorithm",
  bookTitle="Intelligent Data Engineering and Automated Learning - IDEAL 2011: 12th International Conference, Norwich, UK, September 7-9, 2011. Proceedings",
  year="2011",
  publisher="Springer Berlin Heidelberg",
  address="Berlin, Heidelberg",
  pages="160--169",
  isbn="978-3-642-23878-9",
  doi="10.1007/978-3-642-23878-9_20",
  url="\url{http://dx.doi.org/10.1007/978-3-642-23878-9_20}"
}



