@misc{ ref:EurovisionVoting,
   author = "Wikipedia",
   title = "Voting at the Eurovision Song Contest --- Wikipedia{,} The Free Encyclopedia",
   year = "2016",
   url = "\url{https://en.wikipedia.org/w/index.php?title=Voting_at_the_Eurovision_Song_Contest&oldid=756839176}",
   note = "[Online; accessed 28-January-2017]"
}

@misc{ ref:NewVotingQuote,
   author = "Paul Jordan",
   title = "Biggest change to Eurovision Song Contest voting since 1975",
   year = "18 February 2016",
   url = "\url{http://www.eurovision.tv/page/news?id=biggest_change_to_eurovision_song_contest_voting_since_1975}",
   note = "[Online; accessed 25-January-2017]"
}

@misc{ ref:GreedyAlgorithms1,
   author = "Wikipedia",
   title = "Greedy algorithm --- Wikipedia{,} The Free Encyclopedia",
   year = "2017",
   url = "\url{https://en.wikipedia.org/w/index.php?title=Greedy_algorithm&oldid=758738947}",
   note = "[Online; accessed 28-January-2017]"
 }

@misc{ ref:GreedyAlgorithms2,
   author = "encyclopediaofmathematics",
   title = "Greedy algorithm",
   year = "2016",
   url = "\url{http://www.encyclopediaofmath.org/index.php?title=Greedy_algorithm&oldid=34629}",
   note = "[Online; accessed 28-January-2017]"
}

@misc{ ref:Ethics,
   author = "I. SpasiÄ‡",
   title = "Ethical Approval of Research: Procedures and Guidance",
   year = "2016",
   url = "\url{http://users.cs.cf.ac.uk/I.Spasic/ethics/COMSC%20Ethics%20Procedure%20&%20Policy.pdf}",
   note = "[Online; accessed 28-January-2017]"
}



